<record><leader>01539aam a2200385 i 4500</leader><controlfield tag="001">6808305</controlfield><controlfield tag="003">OCoLC</controlfield><controlfield tag="005">20150203121929.0</controlfield><controlfield tag="008">140808s2015    njua     b    001 0 eng  </controlfield><datafield ind1=" " ind2=" " tag="010"><subfield code="a">  2014010921</subfield></datafield><datafield ind1=" " ind2=" " tag="020"><subfield code="a">9780691162614 (hardcover : alk. paper)</subfield></datafield><datafield ind1=" " ind2=" " tag="020"><subfield code="a">0691162611 (hardcover : alk. paper)</subfield></datafield><datafield ind1=" " ind2=" " tag="020"><subfield code="a">9780691162621 (pbk. : alk. paper)</subfield></datafield><datafield ind1=" " ind2=" " tag="020"><subfield code="a">069116262X (pbk. : alk. paper)</subfield></datafield><datafield ind1=" " ind2=" " tag="035"><subfield code="a">ocn886380543</subfield></datafield><datafield ind1=" " ind2=" " tag="040"><subfield code="a">DLC</subfield><subfield code="b">eng</subfield><subfield code="e">rda</subfield><subfield code="c">DLC</subfield><subfield code="d">YDX</subfield><subfield code="d">YDXCP</subfield><subfield code="d">IG#</subfield><subfield code="d">BTCTA</subfield><subfield code="d">BDX</subfield><subfield code="d">CDX</subfield><subfield code="d">UAB</subfield><subfield code="d">AEU</subfield></datafield><datafield ind1=" " ind2=" " tag="042"><subfield code="a">pcc</subfield></datafield><datafield ind1=" " ind2=" " tag="043"><subfield code="a">n-us---</subfield></datafield><datafield ind1="0" ind2="0" tag="050"><subfield code="a">JK1726</subfield><subfield code="b">.G755 2015</subfield></datafield><datafield ind1="0" ind2="0" tag="082"><subfield code="a">328.73</subfield><subfield code="2">23</subfield></datafield><datafield ind1=" " ind2=" " tag="090"><subfield code="a">JK 1726 G755 2015</subfield><subfield code="b">AEU</subfield></datafield><datafield ind1="1" ind2=" " tag="100"><subfield code="a">Grimmer, Justin,</subfield><subfield code="e">author.</subfield></datafield><datafield ind1="1" ind2="4" tag="245"><subfield code="a">The impression of influence :</subfield><subfield code="b">legislator communication, representation, and democratic accountability /</subfield><subfield code="c">Justin Grimmer, Sean J. Westwood, Solomon Messing.</subfield></datafield><datafield ind1=" " ind2="1" tag="264"><subfield code="a">Princeton :</subfield><subfield code="b">Princeton University Press,</subfield><subfield code="c">[2015]</subfield></datafield><datafield ind1=" " ind2=" " tag="300"><subfield code="a">xiv, 204 pages :</subfield><subfield code="b">illustrations ;</subfield><subfield code="c">25 cm</subfield></datafield><datafield ind1=" " ind2=" " tag="336"><subfield code="a">text</subfield><subfield code="b">txt</subfield><subfield code="2">rdacontent</subfield></datafield><datafield ind1=" " ind2=" " tag="337"><subfield code="a">unmediated</subfield><subfield code="b">n</subfield><subfield code="2">rdamedia</subfield></datafield><datafield ind1=" " ind2=" " tag="338"><subfield code="a">volume</subfield><subfield code="b">nc</subfield><subfield code="2">rdacarrier</subfield></datafield><datafield ind1=" " ind2=" " tag="504"><subfield code="a">Includes bibliographical references (pages 189-202) and index.</subfield></datafield><datafield ind1=" " ind2=" " tag="596"><subfield code="a">43</subfield></datafield><datafield ind1=" " ind2="0" tag="650"><subfield code="a">Legislators</subfield><subfield code="z">United States</subfield><subfield code="x">Public opinion.</subfield></datafield><datafield ind1=" " ind2="0" tag="650"><subfield code="a">Government spending policy</subfield><subfield code="z">United States</subfield><subfield code="x">Public opinion.</subfield></datafield><datafield ind1=" " ind2="0" tag="650"><subfield code="a">Communication in politics</subfield><subfield code="z">United States.</subfield></datafield><datafield ind1=" " ind2=" " tag="949"><subfield code="a">JK 1726 G755 2015</subfield><subfield code="h">UAHS-B</subfield><subfield code="i">0162035240793</subfield></datafield><datafield ind1=" " ind2=" " tag="926"><subfield code="a">JK 1726 G755 2015</subfield><subfield code="w">LC</subfield><subfield code="c">1</subfield><subfield code="i">0162035240793</subfield><subfield code="l">ON_SHELF</subfield><subfield code="m">UAHSS</subfield><subfield code="p">$150.00</subfield><subfield code="r">Y</subfield><subfield code="s">Y</subfield><subfield code="t">BOOK</subfield><subfield code="u">2/19/2015</subfield></datafield></record>